
@article{al-mohy_improved_2012,
  title = {Improved Inverse Scaling and Squaring Algorithms for the Matrix Logarithm},
  author = {{Al-Mohy}, Awad H. and Higham, Nicholas J.},
  year = {2012},
  volume = {34},
  pages = {C153--C169},
  doi = {10.1137/110852553},
  journal = {SIAM J. Sci. Comput.},
  number = {4}
}

@article{anitescu_matrix-free_2012,
  title = {A Matrix-Free Approach for Solving the Parametric {{Gaussian}} Process Maximum Likelihood Problem},
  author = {Anitescu, Mihai and Chen, Jie and Wang, Lei},
  year = {2012},
  volume = {34},
  pages = {A240--A262},
  doi = {10.1137/110831143},
  journal = {SIAM J. Sci. Comput.},
  number = {1}
}

@article{cardoso_matrix_2016,
  title = {Matrix Arithmetic-Geometric Mean and the Computation of the Logarithm},
  author = {Cardoso, Jo{\~a}o R. and Ralha, Rui},
  year = {2016},
  volume = {37},
  pages = {719--743},
  doi = {10.1137/140998226},
  journal = {SIAM J. Matrix Anal. Appl.},
  number = {2}
}

@incollection{davies_computing_2005,
  title = {Computing $f({A})b$ for matrix functions $f$},
  booktitle = {QCD and numerical analysis III},
  author = {Davies, Philip I. and Higham, Nicholas J.},
  year = {2005},
  volume = {47},
  pages = {15–24},
  publisher = {Springer, Berlin},
  doi = {10.1007/3-540-28504-0_2},
  series = {Lect. Notes Comput. Sci. Eng.}
}

@article{davis_university_2011,
  title = {The {{University}} of {{Florida}} Sparse Matrix Collection},
  author = {Davis, Timothy A. and Hu, Yifan},
  year = {2011},
  volume = {38},
  pages = {Art. 1, 25\ pp.},
  doi = {10.1145/2049662.2049663},
  journal = {ACM Trans. Math. Software},
  number = {1}
}

@inproceedings{dong_scalable_2017,
  title = {Scalable Log Determinants for {{Gaussian}} Process Kernel Learning},
  booktitle = {Advances in {{Neural Information Processing Systems}} 30},
  author = {Dong, Kun and Eriksson, David and Nickisch, Hannes and Bindel, David and Wilson, Andrew G},
  editor = {Guyon, I. and Luxburg, U. V. and Bengio, S. and Wallach, H. and Fergus, R. and Vishwanathan, S. and Garnett, R.},
  year = {2017},
  pages = {6327--6337},
  publisher = {{Curran Associates, Inc.}},
  url = {http://papers.nips.cc/paper/7212-scalable-log-determinants-for-gaussian-process-kernel-learning.pdf},
  urldate = {2019-11-21}
}

@article{fasi_computing_2018,
  title = {Computing the Weighted Geometric Mean of Two Large-Scale Matrices and Its Inverse Times a Vector},
  author = {Fasi, Massimiliano and Iannazzo, Bruno},
  year = {2018},
  volume = {39},
  pages = {178--203},
  doi = {10.1137/16M1073315},
  journal = {SIAM J. Matrix Anal. Appl.},
  number = {1}
}

@article{fasi_multiprecision_2018,
  title = {Multiprecision Algorithms for Computing the Matrix Logarithm},
  author = {Fasi, Massimiliano and Higham, Nicholas J.},
  year = {2018},
  volume = {39},
  pages = {472--491},
  doi = {10.1137/17M1129866},
  journal = {SIAM J. Matrix Anal. Appl.},
  number = {1}
}

@article{fawzi_semidefinite_2019,
  title = {Semidefinite Approximations of the Matrix Logarithm},
  author = {Fawzi, Hamza and Saunderson, James and Parrilo, Pablo A.},
  year = {2019},
  volume = {19},
  pages = {259--296},
  doi = {10.1007/s10208-018-9385-0},
  journal = {Found. Comput. Math.},
  number = {2}
}

@article{hale_computing_2008,
  title = {Computing {$\mathbf{A}^\alpha$}, {$\log(\mathbf{A})$}, and related matrix functions by contour integrals},
  author = {Hale, Nicholas and Higham, Nicholas J. and Trefethen, Lloyd N.},
  year = {2008},
  volume = {46},
  pages = {2505–2523},
  doi = {10.1137/070700607},
  journal = {SIAM J. Numer. Anal.},
  number = {5}
}

@inproceedings{han_large-scale_2015,
  title = {Large-Scale Log-Determinant Computation through Stochastic {{Chebyshev}} Expansions},
  booktitle = {Proceedings of the 32nd {{International Conference}} on {{Machine Learning}}},
  author = {Han, Insu and Malioutov, Dmitry and Shin, Jinwoo},
  editor = {Bach, Francis and Blei, David},
  year = {2015},
  volume = {37},
  pages = {908--917},
  publisher = {{PMLR}},
  address = {{Lille, France}},
  url = {http://proceedings.mlr.press/v37/hana15.html},
  series = {Proceedings of {{Machine Learning Research}}}
}

@book{higham_functions_2008,
  title = {Functions of {{Matrices}}: {{Theory}} and {{Computation}}},
  author = {Higham, Nicholas J.},
  year = {2008},
  publisher = {{SIAM, Philadelphia, PA}},
  doi = {10.1137/1.9780898717778},
  isbn = {978-0-89871-646-7}
}

@article{slevinsky_use_2015,
  title = {On the Use of Conformal Maps for the Acceleration of Convergence of the Trapezoidal Rule and Sinc Numerical Methods},
  author = {Slevinsky, Richard Mikael and Olver, Sheehan},
  year = {2015},
  volume = {37},
  pages = {A676--A700},
  doi = {10.1137/140978363},
  journal = {SIAM J. Sci. Comput.},
  number = {2}
}

@inproceedings{sugihara_recent_2004,
  title = {Recent Developments of the {{Sinc}} Numerical Methods},
  booktitle = {Journal of {{Computational}} and {{Applied Mathematics}}},
  author = {Sugihara, Masaaki and Matsuo, Takayasu},
  year = {2004},
  volume = {164/165},
  pages = {673--689},
  doi = {10.1016/j.cam.2003.09.016},
  note = {Journal Abbreviation: Proceedings of the 10th International Congress on Computational and Applied Mathematics (ICCAM-2002)}
}

@article{takahasi_double_1974,
  title = {Double Exponential Formulas for Numerical Integration},
  author = {Takahasi, Hidetosi and Mori, Masatake},
  year = {1974},
  volume = {9},
  pages = {721--741},
  doi = {10.2977/prims/1195192451},
  journal = {Publ. Res. Inst. Math. Sci.}
}

@article{tatsuoka_algorithms_2019,
  title = {Algorithms for the Computation of the Matrix Logarithm Based on the Double Exponential Formula},
  author = {Tatsuoka, Fuminori and Sogabe, Tomohiro and Miyatake, Yuto and Zhang, Shao-Liang},
  year = {2019},
  pages = {112396},
  volume={373},
  number={1},
  doi = {10.1016/j.cam.2019.112396},
  journal = {J. Comput. Appl. Math.}
}

@article{trefethen_exponentially_2014,
  title = {The Exponentially Convergent Trapezoidal Rule},
  author = {Trefethen, Lloyd N. and Weideman, J. A. C.},
  year = {2014},
  volume = {56},
  pages = {385--458},
  doi = {10.1137/130932132},
  journal = {SIAM Rev.},
  number = {3}
}

@article{yanagi_trace_2005,
  title = {On Trace Inequalities and Their Applications to Noncommutative Communication Theory},
  author = {Yanagi, Kenjiro and Furuichi, Shigeru and Kuriyama, Ken},
  year = {2005},
  volume = {395},
  pages = {351--359},
  doi = {10.1016/j.laa.2004.08.027},
  journal = {Linear Algebra Appl.}
}


